<?xml version="1.0" encoding="UTF-8"?><collection xmlns="http://www.loc.gov/MARC21/slim"><record><leader>00438nam--2200169-i-4500</leader><controlfield tag="001">000025043</controlfield><controlfield tag="002">20161230</controlfield><controlfield tag="005">20161230201035</controlfield><controlfield tag="008">060222s1000------------r-----000-0-eng-d</controlfield><datafield ind1=" " ind2=" " tag="040"><subfield code="a">IFIN-HH</subfield></datafield><datafield ind1=" " ind2=" " tag="080"><subfield code="a">538.955:538.958</subfield></datafield><datafield ind1="1" ind2=" " tag="100"><subfield code="a">Lim, Edward C</subfield></datafield><datafield ind1="1" ind2="0" tag="245"><subfield code="a">Excited states</subfield><subfield code="b">Volume i</subfield><subfield code="c">Edward c. lim (ed.)</subfield></datafield><datafield ind1=" " ind2=" " tag="260"><subfield code="a">New York</subfield><subfield code="b">Academic Press</subfield><subfield code="c">1974</subfield></datafield><datafield ind1=" " ind2=" " tag="300"><subfield code="a">XII + 347P</subfield></datafield><datafield ind1=" " ind2=" " tag="852"><subfield code="a">42423</subfield><subfield code="c">539.2</subfield></datafield><datafield ind1=" " ind2=" " tag="CAT"><subfield code="a">Sys</subfield><subfield code="c">20121024</subfield><subfield code="h">153759</subfield></datafield></record></collection>